@article{1,
  author  = {Cristina Crespo Garay},
  title   = {¿Cuál fue el origen de la agricultura?},
  journal = {National Geographic España},
  year    = {2022},
}

@article{autor2,
  author  = {Rafael Angel Ocampo},
  title   = {Situación actual del comercio de plantas medicinales en América Latina},
  journal = {Boletín Latinoamericano y del Caribe de Plantas Medicinales y Aromáticas},
  year    = {2002},
}

@misc{autor3,
  author       = {Organización Mundial de la Salud},
  title        = {Declaración de Alma-Ata},
  year         = {1978},
  note         = {Disponible en: \url{https://www3.paho.org/hq/dmdocuments/2012/alma-ata-1978declaracion.pdf}},
}

@article{autor4,
  author  = {Pedro López Puig},
  title   = {Integración de la medicina natural y tradicional cubana en el sistema de salud},
  journal = {Revista Cubana de Salud Pública},
  year    = {2019},
}

@book{autor5,
  author    = {Juan Tomás Roig y Mesa},
  title     = {Plantas medicinales, aromáticas o venenosas de Cuba, volumen I-II},
  publisher = {Editorial Científico-Técnica},
  year      = {1945},
}

@misc{autor6,
  author       = {EcuRed},
  title        = {Jardín Botánico Nacional de Cuba},
}

@misc{autor7,
  author       = {Redacción Cadena Habana},
  title        = {Jardín Botánico Nacional},
  year         = {2022},
}

@misc{autor8,
  author       = {IBM},
  title        = {Business Intelligence},
  note         = {Disponible en: \url{https://www.ibm.com/mx-es/topics/business-intelligence}},
}
